
@article{freqmerge,
  year  = {2009},
  title = {Extended bandwidth by a frequency domain merge of two {3D} seismic volumes},
  author = {D[] Carter and S[] Pambayuning},
  publisher = {Society of Exploration Geophysicists},
  volume = {28},
  number = {4},
  pages = {386--386},
  title = {Table of Contents},
  journal = {The Leading Edge}
}

@misc{data,
  doi = {10.1594/ieda/500157},
  author = {T[] Meckel and N[] L[] Bangs and T[] Hess},
  title = {{3D} multichannel seismic field data from the {San} {Luis} {Pass} region off {Galveston},  {Texas},  acquired by the {R/V} {Brooks-McCall} in 2013 {(BM1310)}},
  publisher = {Integrated Earth Data Applications (IEDA)},
  year = {2017}
}

@inproceedings{kavery,
  doi = {10.1190/1.2792458},
  url = {https://doi.org/10.1190/1.2792458},
  year  = {2007},
  month = {jan},
  publisher = {Society of Exploration Geophysicists},
  author = {T. R. Murali Mohan and C. B. Yadava and Surendra Kumar and K. K. Mishra and Kunal Niyogi},
  title = {Prestack merging of land {3D} vintages {\textemdash} A case history from {K}avery {B}asin,  {I}ndia},
  booktitle={77th Annual International Meeting, SEG, Expanded Abstracts}
}

@inproceedings{ricker,
  doi = {10.1109/cies.2014.7011824},
  url = {https://doi.org/10.1109/cies.2014.7011824},
  year  = {2014},
  month = {dec},
  publisher = {{IEEE}},
  author = {Afshin Gholamy and Vladik Kreinovich},
  title = {Why Ricker wavelets are successful in processing seismic data: Towards a theoretical explanation},
  booktitle = {2014 {IEEE} Symposium on Computational Intelligence for Engineering Solutions ({CIES})}
}


@incollection{dtw,
  doi = {10.1007/978-3-540-74048-3_4},
  author = {Meinard M{\"u}ller},
  url = {https://doi.org/10.1007/978-3-540-74048-3_4},
  year  = {2007},
  publisher = {Springer Berlin Heidelberg},
  pages = {69--84},
  title = {Dynamic Time Warping},
  booktitle = {Information Retrieval for Music and Motion}
}


